% Notas Imporantes:
% Poner una diagonal investida antes de los siguientes caracteres: #, $, %, ^, &, {, }, ~, [, ], <, >, _
% Caso Particuloar: Diagonal Invertida (\) sustituir por (\textbackslash) y dejar un espacio
% Ver enlace:

% \cite{webserver}
% \cite{backend}
% \cite{frontend}
% \cite{patrones}
% \cite{laravel}
% \cite{API}
% \cite{tailwind}
% \cite{editorjs}
% \cite{DB}
% \cite{sqlserver}
% \cite{figma}
% \cite{nodejs}
% \cite{npm}
% \cite{composer}
% \cite{vscode}
% \cite{tableplus}
% \cite{texlive}
% \cite{gemini}
% \cite{digitalocean}
% \cite{git}
% \cite{github}

@misc{webserver,
	author = {Martínez, Gerard},
	month = {8},
	title = {{¿Qué es un servidor web y para qué sirve? - Webempresa}},
	year = {2023},
	url = {https://www.webempresa.com/hosting/que-es-servidor-web.html#:~:text=Un%20servidor%20web%20es%20un,en%20su%20navegador%20puedan%20hacerlo.},
}

@misc{backend,
	title = {{Backend: ¿Qué es y para qué sirve?}},
	url = {https://www.gluo.mx/blog/backend-que-es-y-para-que-sirve},
}
@misc{frontend,
	title = {{Front End frente a back-end: diferencia entre el desarrollo de aplicaciones - AWS}},
	url = {https://aws.amazon.com/es/compare/the-difference-between-frontend-and-backend/},
}
@article{patrones,
	author = {Pham, Lucas},
	month = {7},
	title = {{The MVC Design Pattern: a timeless approach to web development}},
	year = {2023},
	url = {https://medium.com/@phamtuanchip/the-mvc-design-pattern-a-timeless-approach-to-web-development-c132ff3afd37},
}
@article{laravel,
	author = {BootesNull},
	month = {4},
	title = {{What is Laravel Framework and Why is it So Popular?}},
	year = {2022},
	url = {https://medium.com/front-end-weekly/what-is-laravel-framework-and-why-is-it-so-popular-8d8021d7d6a9},
}
@misc{API,
	title = {{¿Qué es una API? - Explicación de interfaz de programación de aplicaciones - AWS}},
	url = {https://aws.amazon.com/es/what-is/api/},
}
@article{tailwind,
	author = {Fitzgerald, Anna},
	month = {5},
	title = {{Tailwind CSS}},
	year = {2022},
	url = {https://blog.hubspot.com/website/what-is-tailwind-css},
}
@misc{editorjs,
	month = {2},
	title = {{Base concepts}},
	year = {2022},
	url = {https://editorjs.io/base-concepts/},
}
@misc{DB,
	author = {April2021},
	title = {{Database concepts}},
	url = {https://docs.oracle.com/en/database/oracle/oracle-database/19/cncpt/introduction-to-oracle-database.html#GUID-2B09FA6E-C4D9-4C10-9DE7-21A876A4B4FA},
}
@misc{sqlserver,
	author = {Rgward},
	title = {{Introduction - training}},
	url = {https://learn.microsoft.com/en-us/training/modules/introduction-to-sql-server-2022/1-introduction},
}
@misc{figma,
	author = {Kopf, Ben},
	month = {7},
	title = {{The power of Figma as a design tool}},
	year = {2018},
	url = {https://www.toptal.com/designers/ui/figma-design-tool},
}
@misc{nodejs,
	title = {{Node.js — Introduction to Node.js}},
	url = {https://nodejs.org/en/learn/getting-started/introduction-to-nodejs},
}
@misc{npm,
	title = {{Node.js — An introduction to the npm package manager}},
	url = {https://nodejs.org/en/learn/getting-started/an-introduction-to-the-npm-package-manager},
}
@misc{composer,
	title = {{Introduction - Composer}},
	url = {https://getcomposer.org/doc/00-intro.md},
}
@misc{vscode,
	month = {11},
	title = {{Setting up Visual Studio Code}},
	year = {2021},
	url = {https://code.visualstudio.com/docs/setup/setup-overview},
}
@misc{tableplus,
	title = {{Overview | TablePlus Documentation}},
	url = {https://docs.tableplus.com/},
}
@misc{texlive,
	title = {{Overleaf and TeX live}},
	url = {https://www.overleaf.com/learn/latex/Overleaf_and_TeX_Live#:~:text=TeX%20Live%20releases-,Introduction%20to%20TeX%20Live,on%20all%20standard%20operating%20systems.},
}
@misc{gemini,
	month = {5},
	title = {{Gemini}},
	year = {2024},
	url = {https://deepmind.google/technologies/gemini/},
}
@misc{digitalocean,
	title = {{Getting started with cloud computing | DigitalOcean}},
	url = {https://www.digitalocean.com/community/tutorial-series/getting-started-with-cloud-computing},
}
@misc{git,
	title = {{Git - gittutorial Documentation}},
	url = {https://git-scm.com/docs/gittutorial},
}
@misc{github,
	author = {Skills},
	title = {{GitHub - skills/introduction-to-github: Get started using GitHub in less than an hour.}},
	url = {https://github.com/skills/introduction-to-github},
}